@book{Brooks1975,
  added-at = {2011-02-22T17:47:19.000+0100},
  author = {Brooks, Frederick P.},
  biburl = {https://www.bibsonomy.org/bibtex/2368f8c335ac4bc492572b7d29efe7753/fsteeg},
  interhash = {7f0faa2359c30fc99c4bfc2c203d3ecd},
  intrahash = {368f8c335ac4bc492572b7d29efe7753},
  keywords = {diss programming},
  publisher = {Addison-Wesley},
  timestamp = {2011-02-22T17:47:19.000+0100},
  title = {The mythical man-month -- Essays on Software-Engineering},
  topics = {Programming/Software Engineering},
  year = 1975
}

